% use \cite{Abril07} in the .tex file to place a citation.

@online{Wiki,
  author = "Online editor",
  year = "2018",
  title = "Agile Teams",
  url = "https://www.scaledagileframework.com/agile-teams/",
  month = October,
  lastaccessed = "January 31, 2019",
}

@online{SAFe,
  author = "Online editor",
  year = "2018",
  title = "Agile software development",
  url = "https://en.wikipedia.org/wiki/Agile_software_development",
  month = June,
  lastaccessed = "January 31, 2019",
}



@online{David,
  author = "David AYZA ENERO",
  year = "2018",
  title = "DISTRIBUTED AGILE TEAMS: 9 HACKS THAT MAKE THEM WORK",
  url = "https://apiumhub.com/tech-blog-barcelona/distributed-agile-teams-hacks/",
  month = may,
  lastaccessed = "January 20, 2019",
}

@online{Lulit,
  author = "Lulit T.",
  year = "2018",
  title = "Collaboration Across Agile Teams",
  url = "https://tech.gsa.gov/guides/Collaboration_Across_Agile_Teams/",
  month = may,
  lastaccessed = "January 19, 2019",
}

